<record><leader>00000cas a22000007a 4500</leader><controlfield tag="001">30018238</controlfield><controlfield tag="008">940324d19661989iluwr ne      0    0eng d</controlfield><datafield ind1=" " ind2=" " tag="010"><subfield code="a">sn 94054669 </subfield></datafield><datafield ind1=" " ind2=" " tag="040"><subfield code="a">NVF</subfield><subfield code="b">eng</subfield><subfield code="c">NVF</subfield><subfield code="d">CVF</subfield><subfield code="d">OCLCQ</subfield></datafield><datafield ind1=" " ind2=" " tag="042"><subfield code="a">msc</subfield></datafield><datafield ind1="0" ind2=" " tag="130"><subfield code="a">Uptown news (Chicago, Ill.)</subfield></datafield><datafield ind1="1" ind2="0" tag="245"><subfield code="a">Uptown news.</subfield></datafield><datafield ind1=" " ind2=" " tag="260"><subfield code="a">Chicago, Ill. :</subfield><subfield code="b">Lerner Newspapers,</subfield><subfield code="c">1966-1989.</subfield></datafield><datafield ind1=" " ind2=" " tag="300"><subfield code="a">v.</subfield></datafield><datafield ind1=" " ind2=" " tag="310"><subfield code="a">Weekly</subfield></datafield><datafield ind1="1" ind2=" " tag="362"><subfield code="a">Vol. 64, no. 17 (Mar. 1, 1966)-v. 87, no. 14 (Apr. 4, 1989).</subfield></datafield><datafield ind1=" " ind2="4" tag="651"><subfield code="a">Uptown (Chicago, Ill.)</subfield><subfield code="v">Newspapers.</subfield></datafield><datafield ind1=" " ind2=" " tag="752"><subfield code="a">United States</subfield><subfield code="b">Illinois</subfield><subfield code="c">Cook</subfield><subfield code="d">Chicago.</subfield></datafield><datafield ind1="0" ind2="1" tag="780"><subfield code="t">Edgewater Uptown news</subfield><subfield code="w">(DLC)sn 94054245</subfield></datafield><datafield ind1="0" ind2="7" tag="785"><subfield code="t">Rogers Park-Edgewater news</subfield><subfield code="w">(DLC)sn 91055403</subfield></datafield><datafield ind1="0" ind2="7" tag="785"><subfield code="t">Rogers Park-Edgewater-Uptown news-star</subfield><subfield code="w">(DLC)sn 96070061</subfield></datafield><datafield ind1="1" ind2=" " tag="029"><subfield code="a">AU@</subfield><subfield code="b">000025885993</subfield></datafield></record>